<record><leader>00000cas a2200000 i 4500</leader><controlfield tag="001">876855316</controlfield><controlfield tag="006">m     o  d        </controlfield><controlfield tag="007">cr |||||||||||</controlfield><controlfield tag="008">140416d18581865ncuwr neo     0   a0eng  </controlfield><datafield ind1=" " ind2=" " tag="010"><subfield code="a">  2014218274</subfield></datafield><datafield ind1=" " ind2=" " tag="040"><subfield code="a">DLC</subfield><subfield code="b">eng</subfield><subfield code="e">rda</subfield><subfield code="c">DLC</subfield><subfield code="d">DLC</subfield></datafield><datafield ind1="0" ind2=" " tag="022"><subfield code="a">2372-3149</subfield><subfield code="2">1</subfield></datafield><datafield ind1="1" ind2=" " tag="029"><subfield code="a">NZ1</subfield><subfield code="b">15702338</subfield></datafield><datafield ind1=" " ind2=" " tag="042"><subfield code="a">pcc</subfield><subfield code="a">nsdp</subfield></datafield><datafield ind1=" " ind2=" " tag="043"><subfield code="a">n-us-nc</subfield></datafield><datafield ind1="1" ind2="0" tag="050"><subfield code="a">ISSN RECORD</subfield></datafield><datafield ind1="0" ind2="0" tag="082"><subfield code="a">071</subfield><subfield code="2">23</subfield></datafield><datafield ind1="0" ind2=" " tag="130"><subfield code="a">Weekly standard (Raleigh, N.C. : 1858 : Online)</subfield></datafield><datafield ind1=" " ind2="0" tag="222"><subfield code="a">Weekly standard</subfield><subfield code="b">(Raleigh, N.C. 1858. Online)</subfield></datafield><datafield ind1="1" ind2="0" tag="245"><subfield code="a">Weekly standard.</subfield></datafield><datafield ind1="1" ind2="3" tag="246"><subfield code="a">North-Carolina standard</subfield></datafield><datafield ind1=" " ind2="1" tag="264"><subfield code="a">Raleigh, N.C. :</subfield><subfield code="b">William W. Holden,</subfield><subfield code="c">1858-</subfield></datafield><datafield ind1=" " ind2=" " tag="300"><subfield code="a">1 online resource</subfield></datafield><datafield ind1=" " ind2=" " tag="310"><subfield code="a">Weekly</subfield></datafield><datafield ind1=" " ind2=" " tag="336"><subfield code="a">text</subfield><subfield code="b">txt</subfield><subfield code="2">rdacontent</subfield></datafield><datafield ind1=" " ind2=" " tag="337"><subfield code="a">computer</subfield><subfield code="b">c</subfield><subfield code="2">rdamedia</subfield></datafield><datafield ind1=" " ind2=" " tag="338"><subfield code="a">online resource</subfield><subfield code="b">cr</subfield><subfield code="2">rdacarrier</subfield></datafield><datafield ind1="1" ind2=" " tag="362"><subfield code="a">Began with vol. XXIV, no. 46 (November 17, 1858); ceased in 1865.</subfield></datafield><datafield ind1=" " ind2=" " tag="515"><subfield code="a">Suspended from Mar. 2-30 and Apr. 13-May 11, 1864.</subfield></datafield><datafield ind1=" " ind2=" " tag="530"><subfield code="a">Available on microfilm from N.C. Dept. of Archives and History.</subfield></datafield><datafield ind1=" " ind2=" " tag="588"><subfield code="a">Description based on: Vol. XXIV, no. 46 (November 17, 1858); title from masthead (Chroniclingamerica.loc.gov, viewed April 16, 2014).</subfield></datafield><datafield ind1=" " ind2=" " tag="588"><subfield code="a">Latest issue consulted: Vol. XXXI, no. 13, whole number 1554 (March 22, 1865) (Chroniclingamerica.loc.gov, viewed April 16, 2014).</subfield></datafield><datafield ind1=" " ind2="0" tag="651"><subfield code="a">Raleigh (N.C.)</subfield><subfield code="v">Newspapers.</subfield></datafield><datafield ind1=" " ind2="0" tag="651"><subfield code="a">Wake County (N.C.)</subfield><subfield code="v">Newspapers.</subfield></datafield><datafield ind1=" " ind2="7" tag="651"><subfield code="a">North Carolina</subfield><subfield code="z">Raleigh.</subfield><subfield code="2">fast</subfield><subfield code="0">(OCoLC)fst01206341</subfield></datafield><datafield ind1=" " ind2="7" tag="651"><subfield code="a">North Carolina</subfield><subfield code="z">Wake County.</subfield><subfield code="2">fast</subfield><subfield code="0">(OCoLC)fst01204274</subfield></datafield><datafield ind1=" " ind2="7" tag="655"><subfield code="a">Newspapers.</subfield><subfield code="2">fast</subfield><subfield code="0">(OCoLC)fst01423814</subfield></datafield><datafield ind1=" " ind2=" " tag="752"><subfield code="a">United States</subfield><subfield code="b">North Carolina</subfield><subfield code="c">Wake</subfield><subfield code="d">Raleigh.</subfield></datafield><datafield ind1="0" ind2=" " tag="775"><subfield code="t">Semi-weekly standard (Raleigh, N.C. : Online)</subfield></datafield><datafield ind1="0" ind2=" " tag="775"><subfield code="t">Daily standard (Raleigh, N.C. : 1865 : Online)</subfield></datafield><datafield ind1="0" ind2=" " tag="775"><subfield code="t">Daily North-Carolina standard (Online)</subfield></datafield><datafield ind1="0" ind2="8" tag="776"><subfield code="i">Originally issued in print:</subfield><subfield code="t">Weekly standard (Raleigh, N.C. : 1858)</subfield><subfield code="x">2372-3130</subfield><subfield code="w">(DLC)sn 83045706</subfield><subfield code="w">(OCoLC)9585246</subfield></datafield><datafield ind1="0" ind2="0" tag="780"><subfield code="t">Weekly North Carolina standard (Raleigh, N.C. : 1850 : Online)</subfield></datafield><datafield ind1="0" ind2="0" tag="785"><subfield code="t">Weekly North-Carolina standard (Raleigh, N.C. : 1866 : Online)</subfield></datafield><datafield ind1="4" ind2="0" tag="856"><subfield code="u">http://www.loc.gov/chroniclingamerica/lccn/sn83045706/issues</subfield></datafield></record>